@phdthesis{josiahpaper,
 author = {Oberholtzer, Josiah Wolf},
    title = {A Computational Model of Music Composition},
    school = {Harvard University Graduate School of Arts and Sciences},
    year = {2015},
}

@phdthesis{baca-dissertation,
 author = {Bača, Trevor},
    title = {Magic Constructivism: Desiderata of a Musical Practice},
    school = {Harvard University Graduate School of Arts and Sciences},
    year = {2016},
}

@ARTICLE{lascaux,
    author = {Ad\'{a}n, V\'{i}ctor and Trevor Ba\v{c}a},
    title = {Cuepatlahto and Lascaux},
    subtitle = {Two approaches to the formalized control of musical score},
    year = {2006},
    address = {New York, NY, USA},
    journal = {Columbia University},
    institution = {Columbia University Music Department}
}

@ARTICLE{abjadpaper,
    author = {Ba\v{c}a, Trevor and Josiah Wolf Oberholtzer and Jeffrey Trevi{\~{n}}o and V\'{i}ctor Ad\'{a}n},
    title = {Abjad},
    subtitle = {An open-source system for formalized score control},
    year = {2015},
}

@ARTICLE{toop,
    author = {Toop, Richard},
    title = {Brian Ferneyhough's Lemma-Icon-Epigram},
    journal = {Perspectives of New Music},
    page = {52-100},
    volume = {28},
    issue = {2},
    year = {1990},
}

@ARTICLE{thaumaturgy,
    author = {Zetterberg, J. Peter and },
    title = {The Mistaking of ``the Mathematiks''' in Tudor and Stuart England.},
    journal = {The Sixteenth Century Journal},
    page = {83-97},
    volume = {11},
    issue = {1},
    year = {1980},
}

@phdthesis{guerreropaper,
    author = {Morate Benito, Miguel},
    title = {La Música de Francisco Guerrero Marín (1951-1997): La Combinatoria como Sistema Compositivo},
    school = {Universidad de Salamanca},
    year = {2010}
}

@article{guerrerotopology,
    author = {José Morales, Juan and Francisco Guerrero},
    title = {Musica y Topologia},
    journal = {Scherzo},
    issue = {43},
    pages={102-103},
    year = {1990}
}

@article{helianthation,
    author = {Bača, Trevor},
    title = {h-rotation},
    journal = {Unpublished},
    year = {2010}
}

@book{steinerbook,
    author = {Assmus, E. F. Jr. and J.D. Key},
    title = {Designs and Their Codes},
    chapter = {8. Steiner Systems},
    publisher = {Cambridge University Press},
    pages = {295–316},
    year = {1994},
}

@book{pythonbook,
    author = {Lutz, Mark},
    title = {Learning Python},
    publisher = {O'Reilly},
    year = {2013},
    edition = {5},
}

@book{griffiths,
    author = {Griffiths, Paul},
    title = {Modern Music and After},
    publisher = {Oxford University Press},
    year = {2010},
    edition = {3},
}

@book{xenakis,
    author = {Xenakis, Iannis},
    title = {Formalized Music: Thought and Mathematics in Music},
    publisher = {Pendragon Press},
    year = {1991},
    edition = {2},
}

@book{xenakis-interviews,
    author = {Varga, Bálint András},
    title = {Conversations with Iannis Xenakis},
    publisher = {Faber and Faber},
    year = {1996},
}

@book{boulez,
    author = {Boulez, Pierre},
    title = {Orientations},
    publisher = {Harvard University Press},
    year = {1985},
    edition = {2},
}

@book{cross,
    author = {Cross, Jonathan},
    title = {The Stravinsky Legacy},
    publisher = {Cambridge University Press},
    year = {1998},
}

@book{legacy,
    author = {Timms, Andrew and John Croft and Eric Drott and Beate Kutschke and Ian Pace and David Osmond-Smith and Catherine Laws and Lois Fitch and John Dack and Mark Delaere and Ève Poudrier},
    editor = {Heile, Björn},
    title = {The Modernist Legacy: Essays on New Music},
    publisher = {Ashgate},
    year = {2009},
}

@book{sketches,
    author = {Feller, Ross},
    editor = {Hall, Patricia and Friedemann Sallis},
    title = {A Handbook to Twentieth-Century Musical Sketches},
    chapter = {E-sketches: Brian Ferneyhough's use of computer-assisted compositional tools},
    publisher = {Cambridge University Press},
    year = {2004},
}

@book{besada,
    author = {Besada, José Luis},
    title = {Metamodels in Compositional Practices: The Case of Alberto Posadas's Liturgia Fractal},
    publisher = {Editions Delatour},
    year = {2017},
}

@book{dictionary,
    author = {Apel, Willi},
    title = {Harvard Dictionary of Music},
    edition = {2},
    publisher = {The Belknap Press of Harvard University Press},
    year = {1969},
}

@book{psychology,
    author = {Tan, Siu-Lan and Peter Pfordresher and Rom Harré},
    title = {Psychology of Music: From Sound to Significance},
    edition = {2},
    publisher = {Routledge},
    year = {2018},
}

@book{schonberg,
    author = {Schönberg, Arnold},
    title = {Style and Idea: Selected Writings},
    editor = {Stein, Leonard},
    publisher = {University of California Press},
    year = {1984},
}

@book{white,
    author = {White, John D.},
    title = {The Analysis of Music},
    publisher = {Prentice Hall Inc.},
    year = {1976},
}

@book{ferneyhough,
    author = {Ferneyhough, Brian},
    title = {Collected Writings},
    editor = {Boros, James and Richard Toop},
    publisher = {Routledge},
    year = {1998},
}

@book{stockhausen,
    author = {Stockhausen, Karlheinz},
    title = {Stockhausen on Music: Lectures and Interviews},
    editor = {Maconie, Robin},
    publisher = {Marion Boyars},
    year = {2010},
}

@book{riemann,
    author = {Riemann, Hugo},
    title = {Handbuch der Harmonielehre},
    publisher = {Druck und Verlag von Breitkopf und Härtel},
    edition = {5},
    city = {Leipzig},
    year = {1912},
}

@misc{abjadwebsite,
  title = {Abjad Website},
  url = {https://abjad.github.io/},
  author = {Bača, Trevor and Josiah Wolf Oberholtzer},
  year = {2020},
  month = {5},
}

@misc{grove,
  title = {Grove Music Online},
  chapter = {Theme},
  url = {http://www.oxfordmusiconline.com},
  author = {Drabkin, William},
  editor = {Root, Deane},
  year = {2001},
}

@misc{hippo,
  title = {Whales and Hippos Evolved Water-Ready Skin Independently},
  url = {https://www.amnh.org/explore/news-blogs/research-posts/whale-hippo-aquatic-skin},
  publisher = {American Museum of Natural History},
  year = {2023},
  month = {11},
  day = {21},
}

@misc{akashascore,
    author = {Ba\v{c}a, Trevor},
    title = {Akasha},
    year = {2015},
    publisher = {www.trevorbaca.com}
}

@misc{harmonyscore,
    author = {Ba\v{c}a, Trevor},
    title = {(HARMONY) program  notes},
    year = {2019},
    publisher = {www.trevorbaca.com}
}

@misc{barraque-score,
    author = {Barraqué, Jean},
    title = {Sonate pour piano},
    year = {2019},
    publisher = {Bärenreiter}
}

@misc{bacawebsite,
  title = {The music of composer Trevor Bača},
  url = {https://www.trevorbaca.com/},
  author = {Bača, Trevor},
  year = {2023},
  month = {11},
  day = {25},
}

@misc{strasheela,
    title={Re: [Strasheela-users] PD to lillypond},
    url={https://sourceforge.net/p/strasheela/mailman/message/19332629/},
    journal={/ Re: [Strasheela-users] PD to lillypond},
    author = {Bača, Trevor},
    year={2008},
    month={5},
}

@misc{berg-quote,
    author = {Henahan, Donal},
    title = {Crumb, the Tone Poet},
    year = {1975},
    day = {11},
    month = {05},
    journal = {New York Times Magazine},
    section = {SM},
    page = {5},
}

@misc{webern-quote,
    author = {Webern, Anton},
    title = {The Path to the New Music},
    year = {1963},
    page = {42},
    publisher = {Bryn Mawr},
}

@book{stravinsky-quote,
    author = {Stravinsky, Igor},
    title = {Poetics of Music in the form of Six Lessons},
    year = {1947},
    publisher = {Harvard University Press},
    page = {65},
}

@book{boulez-quote,
    author = {Hayman, Ronald},
    title = {Artaud and After},
    year = {1977},
    publisher = {Oxford University Press},
    page = {144},
}

@ARTICLE{webern-sator,
    author = {Smalley, Roger},
    title = {Webern's Sketches (I)},
    year = {1975},
    month = {3},
    journal = {Tempo},
    issue = {112},
    pages = {2-12},
publisher = {Cambridge University Press},
}

@ARTICLE{sonata-russia,
    author = {Okuneva, E.G.},
    title = {``Romanic'' Serialism (Jean Barraqué Piano Sonata)},
    year = {2013},
    school = {Petrozavodsk State Conservatory (Academy)},
}

@ARTICLE{hopkins,
    author = {Hopkins, Bill},
    title = {Barraqué and the Serial Idea},
    year = {1979},
    journal = {Proceedings of the Royal Musical Association},
    volume = {105},
    pages = {13-24},
    publisher = {Taylor & Francis},
}

@book{barraque-griffiths,
    author = {Griffiths, Paul},
    title = {The Sea on Fire: Jean Barraqué},
    year = {2003},
    publisher = {The University of Rochester Press},
}

@book{boulez-piano,
    author = {O'Hagan, Peter},
    title = {Pierre Boulez and the Piano: A Study in Style and Technique},
    year = {2017},
    publisher = {Routledge},
}

@book{barraque-konzepte,
    author = {Pfaffenzeller, Harald and Franz Jochen Herfert and Klaus Linder and Heribert Henrich},
    title = {Jean Barraqué},
    series = {Musik-Konzepte},
    year = {1993},
    volume = {82},
    publisher = {edition text+kritik},
}

@book{guerrero-quote,
    author = {Ordóñez Eslava, Pedro},
    editor = {Illiano, Roberto},
    title = {Ars Combinatoria: poéticas del número en la composición española contemporánea (1980-2018). Breve antología inacabada},
    chapter = {blah},
    year = {2019},
    publisher = {Brepolis},
}

@book{barraque-werk,
    author = {Henrich, Heribert},
    title = {Das Werk Jean Barraqués: Genese und Faktur},
    year = {1997},
    publisher = {Bärenreiter},
}

@book{barraque-commentary,
    author = {Barraqué, Jean},
    title = {Commentary Volume},
    series = {Bärenreiter Urtext},
    year = {2019},
    publisher = {Bärenreiter},
}

@book{oxford-modernisms,
    editor = {Brooker, Peter and Andrzej Gasiorek and Deborah Longworth and Andrew Thacker},
    author = {Brooker, Peter and Andrzej Gasiorek and Deborah Longworth and Andrew Thacker},
    chapter = {Introduction},
    title = {The Oxford Handbook of Modernisms},
    year = {2010},
    publisher = {Oxford University Press},
}

@book{boulez-language,
    author = {Goldman, Jonathan},
    title = {The Musical Language of Pierre Boulez: Writings and Compositions},
    year = {2011},
    series = {Music Since 1900},
    publisher = {Cambridge University Press},
}